@article{acquisti2015privacy,
  title={Privacy and human behavior in the age of information},
  author={Acquisti, Alessandro and Brandimarte, Laura and Loewenstein, George},
  journal={Science},
  volume={347},
  number={6221},
  pages={509--514},
  year={2015},
  publisher={American Association for the Advancement of Science}
}

@misc{levy2020,
  title={Social Media, News Consumption, and Polarization: Evidence from a Field Experiment},
  author={Levy, Ro'ee},
  howpublished = "\url{https://www.roeelevy.com/research}",
  year={2020},
  note = "[Currently revise and resubmit American Economic Review; Online; accessed 09-July-2020]"
}

@article{goldin2020,
  title={Revealed-Preference Analysis with Framing Effects},
  author={Goldin, Jacob and Reck, Daniel},
  journal={Journal of Political Economy},
  volume={128},
  number={7},
  pages={000--000},
  year={2020},
  publisher={The University of Chicago Press Chicago, IL}
}

@misc{GDPR,
  title = {General Data Protection Regulation},
  howpublished = {\url{https://gdpr.eu/tag/gdpr/}},
  year = 2020,
  note = {Online, Accessed: 13-July-2020}
}

@article{gerber2018,
  title={Explaining the privacy paradox: A systematic review of literature investigating privacy attitude and behavior},
  author={Gerber, Nina and Gerber, Paul and Volkamer, Melanie},
  journal={Computers \& Security},
  volume={77},
  pages={226--261},
  year={2018},
  publisher={Elsevier}
}

